<?xml version="1.0" encoding="UTF-8"?>
<collection xmlns:xsi="http://www.w3.org/2001/XMLSchema-instance" xsi:schemaLocation="http://www.loc.gov/MARC21/slim http://www.loc.gov/standards/marcxml/schema/MARC21slim.xsd" xmlns="http://www.loc.gov/MARC21/slim">
<record>
  <leader>01013mam a2200217 a 4500</leader>
  <controlfield tag="001">1370143</controlfield>
  <controlfield tag="003">NNC</controlfield>
  <controlfield tag="005">20130617225232.0</controlfield>
  <controlfield tag="008">900220s1973    ir            000 0 arard</controlfield>
  <datafield tag="035" ind1=" " ind2=" ">
    <subfield code="a">(OCoLC)187458285</subfield>
  </datafield>
  <datafield tag="035" ind1=" " ind2=" ">
    <subfield code="a">(OCoLC)ocn187458285</subfield>
  </datafield>
  <datafield tag="035" ind1=" " ind2=" ">
    <subfield code="9">AHM3876CU</subfield>
  </datafield>
  <datafield tag="035" ind1=" " ind2=" ">
    <subfield code="a">(NNC)1370143</subfield>
  </datafield>
  <datafield tag="035" ind1=" " ind2=" ">
    <subfield code="a">1370143</subfield>
  </datafield>
  <datafield tag="040" ind1=" " ind2=" ">
    <subfield code="a">IXA</subfield>
    <subfield code="c">IXA</subfield>
    <subfield code="d">NNC</subfield>
  </datafield>
  <datafield tag="100" ind1="1" ind2=" ">
    <subfield code="a">Shīrázī, Muḥammad Muʼmin ibn Muḥammad Qāsim,</subfield>
    <subfield code="d">-1717?</subfield>
  </datafield>
  <datafield tag="245" ind1="1" ind2="0">
    <subfield code="a">Khazānat al-khayāl, fī al-adāb wa-al-ḥikam wa-al-mawāʻiẓ wa-al-munāẓarāt wa-al-tarājum wa-al-amthāl /</subfield>
    <subfield code="c">taʾlīf Muḥammad Muʾmin ibn Muḥammad Qāsim al-Jazāʾirī al-Shīrāzī ; qaddama lahu Shihāb al-Dīn al-Marʻashī.</subfield>
  </datafield>
  <datafield tag="260" ind1=" " ind2=" ">
    <subfield code="a">Qum :</subfield>
    <subfield code="b">Maktabat Baṣīratī,</subfield>
    <subfield code="c">1352 [1973]</subfield>
  </datafield>
  <datafield tag="300" ind1=" " ind2=" ">
    <subfield code="a">22, 4, 635, 7 p. ;</subfield>
    <subfield code="c">25 cm.</subfield>
  </datafield>
  <datafield tag="500" ind1=" " ind2=" ">
    <subfield code="a">"Fī ṣadr al-kitāb : Kāshifat al-ḥāll fī tarjamat muʾallif Khizānat al-khayāl, li-Shihāb al-Dīn al-Ḥusaynī al-Marʻashī al-Najafī."</subfield>
  </datafield>
  <datafield tag="650" ind1=" " ind2="0">
    <subfield code="a">Arabic language</subfield>
    <subfield code="x">Rhetoric.</subfield>
  </datafield>
  <datafield tag="955" ind1=" " ind2=" ">
    <subfield code="b">CU01093118</subfield>
    <subfield code="d">off,glx</subfield>
    <subfield code="e">PJ6161 .S55 1973g</subfield>
  </datafield>
</record>
</collection>